@book{Siriwardena2020,
  title = {Advanced API Security: OAuth 2.0 and Beyond},
  ISBN = {9781484220504},
  url = {http://dx.doi.org/10.1007/978-1-4842-2050-4},
  DOI = {10.1007/978-1-4842-2050-4},
  publisher = {Apress},
  author = {Siriwardena,  Prabath},
  year = {2020},
  keywords = {RQ1}
}

@BOOK{Subramanian2019-ld,
  title     = "{Hands-On} {RESTful} {API} Design Patterns and Best Practices",
  author    = "Subramanian, Harihara and Raj, Pethuru",
  publisher = "Packt Publishing",
  month     =  jan,
  year      =  2019,
  address   = "Birmingham, England",
  keywords  = "RQ1"
}

@inbook{Luo2016,
  title = {MultiPol: Towards a Multi-policy Authorization Framework for RESTful Interfaces in the Cloud},
  ISBN = {9783319500119},
  ISSN = {1611-3349},
  url = {http://dx.doi.org/10.1007/978-3-319-50011-9_17},
  DOI = {10.1007/978-3-319-50011-9_17},
  booktitle = {Lecture Notes in Computer Science},
  publisher = {Springer International Publishing},
  author = {Luo,  Yang and Puyang,  Tian and Luo,  Wu and Shen,  Qingni and Ruan,  Anbang and Wu,  Zhonghai},
  year = {2016},
  pages = {214–226},
  keywords = {RQ1}
}

@BOOK{Madden2021-oi,
  title     = "{API} security in action",
  author    = "Madden, Neil",
  publisher = "Manning Publications",
  month     =  feb,
  year      =  2021,
  address   = "New York, NY",
  language  = "en",
  keywords  = "RQ1"
}

@inbook{Kellezi2019,
  title = {Towards Secure Open Banking Architecture: An Evaluation with OWASP},
  ISBN = {9783030369385},
  ISSN = {1611-3349},
  url = {http://dx.doi.org/10.1007/978-3-030-36938-5_11},
  DOI = {10.1007/978-3-030-36938-5_11},
  booktitle = {Lecture Notes in Computer Science},
  publisher = {Springer International Publishing},
  author = {Kellezi,  Deina and Boegelund,  Christian and Meng,  Weizhi},
  year = {2019},
  pages = {185–198},
  keywords = {RQ1}
}


