@inproceedings {247694,
  author = {Daniel Votipka and Kelsey R. Fulton and James Parker and Matthew Hou and Michelle L. Mazurek and Michael Hicks},
  title = {Understanding security mistakes developers make: Qualitative analysis from Build It, Break It, Fix It},
  booktitle = {29th USENIX Security Symposium (USENIX Security 20)},
  year = {2020},
  isbn = {978-1-939133-17-5},
  pages = {109--126},
  url = {https://www.usenix.org/conference/usenixsecurity20/presentation/votipka-understanding},
  publisher = {USENIX Association},
  month = aug,
  keywords = {RQ3}
}

@article{Hussain2020,
  title = {Enterprise API Security and GDPR Compliance: Design and Implementation Perspective},
  volume = {22},
  ISSN = {1941-045X},
  url = {http://dx.doi.org/10.1109/MITP.2020.2973852},
  DOI = {10.1109/mitp.2020.2973852},
  number = {5},
  journal = {IT Professional},
  publisher = {Institute of Electrical and Electronics Engineers (IEEE)},
  author = {Hussain,  Fatima and Hussain,  Rasheed and Noye,  Brett and Sharieh,  Salah},
  year = {2020},
  month = sep,
  pages = {81–89},
  keywords = {RQ3}
}

@inproceedings{Jin2022,
  series = {CCS ’22},
  title = {P-Verifier: Understanding and Mitigating Security Risks in Cloud-based IoT Access Policies},
  url = {http://dx.doi.org/10.1145/3548606.3560680},
  DOI = {10.1145/3548606.3560680},
  booktitle = {Proceedings of the 2022 ACM SIGSAC Conference on Computer and Communications Security},
  publisher = {ACM},
  author = {Jin,  Ze and Xing,  Luyi and Fang,  Yiwei and Jia,  Yan and Yuan,  Bin and Liu,  Qixu},
  year = {2022},
  month = nov,
  collection = {CCS ’22},
  keywords = {RQ3}
}

@inproceedings{Roth2020,
  series = {NDSS 2020},
  title = {Complex Security Policy? A Longitudinal Analysis of Deployed Content Security Policies},
  url = {http://dx.doi.org/10.14722/ndss.2020.23046},
  DOI = {10.14722/ndss.2020.23046},
  booktitle = {Proceedings 2020 Network and Distributed System Security Symposium},
  publisher = {Internet Society},
  author = {Roth,  Sebastian and Barron,  Timothy and Calzavara,  Stefano and Nikiforakis,  Nick and Stock,  Ben},
  year = {2020},
  collection = {NDSS 2020}
}
