@article{Felcio2023,
  title = {RapiTest: Continuous Black-Box Testing of RESTful Web APIs},
  volume = {219},
  ISSN = {1877-0509},
  url = {http://dx.doi.org/10.1016/j.procs.2023.01.322},
  DOI = {10.1016/j.procs.2023.01.322},
  journal = {Procedia Computer Science},
  publisher = {Elsevier BV},
  author = {Felício,  Duarte and Simão,  José and Datia,  Nuno},
  year = {2023},
  pages = {537–545},
  keywords = {RQ5}
}

@article{Snchez2022,
  title = {Mutation testing in the wild: findings from GitHub},
  volume = {27},
  ISSN = {1573-7616},
  url = {http://dx.doi.org/10.1007/s10664-022-10177-8},
  DOI = {10.1007/s10664-022-10177-8},
  number = {6},
  journal = {Empirical Software Engineering},
  publisher = {Springer Science and Business Media LLC},
  author = {Sánchez,  Ana B. and Delgado-Pérez,  Pedro and Medina-Bulo,  Inmaculada and Segura,  Sergio},
  year = {2022},
  month = jul,
  keywords = {RQ5}
}
@INPROCEEDINGS{9609146,
  author={Yandrapally, Rahulkrishna and Mesbah, Ali},
  booktitle={2021 IEEE International Conference on Software Maintenance and Evolution (ICSME)}, 
  title={Mutation Analysis for Assessing End-to-End Web Tests}, 
  year={2021},
  volume={},
  number={},
  pages={183-194},
  doi={10.1109/ICSME52107.2021.00023},
  keywords = {RQ5}
}

@inproceedings{Wu2022,
  series = {ICSE 22},
  title = {Combinatorial testing of RESTful APIs},
  url = {http://dx.doi.org/10.1145/3510003.3510151},
  DOI = {10.1145/3510003.3510151},
  booktitle = {Proceedings of the 44th International Conference on Software Engineering},
  publisher = {ACM},
  author = {Wu,  Huayao and Xu,  Lixin and Niu,  Xintao and Nie,  Changhai},
  year = {2022},
  month = may,
  collection = {ICSE ’22},
  keywords = {RQ5}
}

@masterthesis{masterjoa,
   author = {Jooo Andre and Nunes Agnelo},
   title = {A ROBUSTNESS TESTING APPROACH FOR RESTFUL WEB SERVICES},
   year = {2020},
   keywords = {RQ5}
}


@article{Ehsan2022,
  title = {RESTful API Testing Methodologies: Rationale,  Challenges,  and Solution Directions},
  volume = {12},
  ISSN = {2076-3417},
  url = {http://dx.doi.org/10.3390/app12094369},
  DOI = {10.3390/app12094369},
  number = {9},
  journal = {Applied Sciences},
  publisher = {MDPI AG},
  author = {Ehsan,  Adeel and Abuhaliqa,  Mohammed Ahmad M. E. and Catal,  Cagatay and Mishra,  Deepti},
  year = {2022},
  month = apr,
  pages = {4369},
  keywords = {RQ5}
}

@misc{https://doi.org/10.48550/arxiv.2005.11498,
  doi = {10.48550/ARXIV.2005.11498},
  url = {https://arxiv.org/abs/2005.11498},
  author = {Atlidakis,  Vaggelis and Geambasu,  Roxana and Godefroid,  Patrice and Polishchuk,  Marina and Ray,  Baishakhi},
  keywords = {Software Engineering (cs.SE),  Machine Learning (cs.LG),  FOS: Computer and information sciences,  FOS: Computer and information sciences},
  title = {Pythia: Grammar-Based Fuzzing of REST APIs with Coverage-guided Feedback and Learning-based Mutations},
  publisher = {arXiv},
  year = {2020},
  copyright = {arXiv.org perpetual,  non-exclusive license},
  keywords = {RQ5}
}

@article{Leotta2023,
  title = {Mutta: a novel tool for E2E web mutation testing},
  ISSN = {1573-1367},
  url = {http://dx.doi.org/10.1007/s11219-023-09616-6},
  DOI = {10.1007/s11219-023-09616-6},
  journal = {Software Quality Journal},
  publisher = {Springer Science and Business Media LLC},
  author = {Leotta,  Maurizio and Paparella,  Davide and Ricca,  Filippo},
  year = {2023},
  month = apr,
  keywords = {RQ5}
}

@article{Belhadi2024,
  title = {Random Testing and Evolutionary Testing for Fuzzing GraphQL APIs},
  volume = {18},
  ISSN = {1559-114X},
  url = {http://dx.doi.org/10.1145/3609427},
  DOI = {10.1145/3609427},
  number = {1},
  journal = {ACM Transactions on the Web},
  publisher = {Association for Computing Machinery (ACM)},
  author = {Belhadi,  Asma and Zhang,  Man and Arcuri,  Andrea},
  year = {2024},
  month = jan,
  pages = {1–41},
  keywords = {RQ5}
}

@misc{https://doi.org/10.48550/arxiv.2102.11378,
  doi = {10.48550/ARXIV.2102.11378},
  url = {https://arxiv.org/abs/2102.11378},
  author = {Petrović,  Goran and Ivanković,  Marko and Fraser,  Gordon and Just,  René},
  keywords = {Software Engineering (cs.SE),  FOS: Computer and information sciences,  FOS: Computer and information sciences,  D.2.5,  68-04},
  title = {Practical Mutation Testing at Scale},
  publisher = {arXiv},
  year = {2021},
  copyright = {arXiv.org perpetual,  non-exclusive license},
  keywords = {RQ5}
}

@inbook{Ahmed2023,
  title = {Artificial Bee Colony for Automated Black-Box Testing of RESTful API},
  ISBN = {9789819967063},
  ISSN = {2190-3026},
  url = {http://dx.doi.org/10.1007/978-981-99-6706-3_1},
  DOI = {10.1007/978-981-99-6706-3_1},
  booktitle = {Smart Innovation,  Systems and Technologies},
  publisher = {Springer Nature Singapore},
  author = {Ahmed,  Seif and Hamdy,  Abeer},
  year = {2023},
  pages = {1–17},
  keywords = {RQ5}
}

@article{Ami2021,
  title = {Systematic Mutation-Based Evaluation of the Soundness of Security-Focused Android Static Analysis Techniques},
  volume = {24},
  ISSN = {2471-2574},
  url = {http://dx.doi.org/10.1145/3439802},
  DOI = {10.1145/3439802},
  number = {3},
  journal = {ACM Transactions on Privacy and Security},
  publisher = {Association for Computing Machinery (ACM)},
  author = {Ami,  Amit Seal and Kafle,  Kaushal and Moran,  Kevin and Nadkarni,  Adwait and Poshyvanyk,  Denys},
  year = {2021},
  month = feb,
  pages = {1–37},
  keywords = {RQ5}
}


@INPROCEEDINGS{9159068,
  author={Arcuri, Andrea and Galeotti, Juan P.},
  booktitle={2020 IEEE 13th International Conference on Software Testing, Validation and Verification (ICST)}, 
  title={Testability Transformations For Existing APIs}, 
  year={2020},
  volume={},
  number={},
  pages={153-163},
  keywords={Web services;Tools;Java;Open source software;Test pattern generators;Software testing;SBST;test generation;testability transformation;system testing;REST;RQ5},
  doi={10.1109/ICST46399.2020.00025},
  keywords={RQ5}
}

@misc{https://doi.org/10.48550/arxiv.2303.02545,
  doi = {10.48550/ARXIV.2303.02545},
  url = {https://arxiv.org/abs/2303.02545},
  author = {Lyu,  Chenyang and Xu,  Jiacheng and Ji,  Shouling and Zhang,  Xuhong and Wang,  Qinying and Zhao,  Binbin and Pan,  Gaoning and Cao,  Wei and Beyah,  Raheem},
  keywords = {Cryptography and Security (cs.CR),  FOS: Computer and information sciences,  FOS: Computer and information sciences},
  title = {MINER: A Hybrid Data-Driven Approach for REST API Fuzzing},
  publisher = {arXiv},
  year = {2023},
  copyright = {arXiv.org perpetual,  non-exclusive license},
  keywords = {RQ5}
}





