@ARTICLE{Idris2022-so,
  title     = "Web application security education platform based on {OWASP}
               {API} security project",
  author    = "Idris, Muhammad and Syarif, Iwan and Winarno, Idris",
  journal   = "EMIT. Int. J. Eng. Technol.",
  publisher = "EMITTER International Journal of Engineering Technology",
  pages     = "246--261",
  month     =  dec,
  year      =  2022,
  keywords   = {RQ2}

}

@article{Zhang2023,
  title = {Open Problems in Fuzzing RESTful APIs: A Comparison of Tools},
  volume = {32},
  ISSN = {1557-7392},
  url = {http://dx.doi.org/10.1145/3597205},
  DOI = {10.1145/3597205},
  number = {6},
  journal = {ACM Transactions on Software Engineering and Methodology},
  publisher = {Association for Computing Machinery (ACM)},
  author = {Zhang,  Man and Arcuri,  Andrea},
  year = {2023},
  month = sep,
  pages = {1–45},
  keywords = {RQ2}
}

@misc{https://doi.org/10.5281/zenodo.6941292,
  doi = {10.5281/ZENODO.6941292},
  url = {https://zenodo.org/record/6941292},
  author = {Martin-Lopez,  Alberto and Segura,  Sergio and Ruiz-Cortés,  Antonio},
  title = {Online Testing of RESTful APIs: Promises and Challenges},
  publisher = {Zenodo},
  year = {2022},
  copyright = {Creative Commons Attribution 4.0 International},
  keywords = {RQ2}
}

@article{KhodaParast2022,
  title = {Cloud computing security: A survey of service-based models},
  volume = {114},
  ISSN = {0167-4048},
  url = {http://dx.doi.org/10.1016/j.cose.2021.102580},
  DOI = {10.1016/j.cose.2021.102580},
  journal = {Computers and Security},
  publisher = {Elsevier BV},
  author = {Khoda Parast,  Fatemeh and Sindhav,  Chandni and Nikam,  Seema and Izadi Yekta,  Hadiseh and Kent,  Kenneth B. and Hakak,  Saqib},
  year = {2022},
  month = mar,
  pages = {102580},
  keywords = {RQ2}
}
@inproceedings{Bakhtin2022,
  title = {Survey on Tools and Techniques Detecting Microservice API Patterns},
  url = {http://dx.doi.org/10.1109/SCC55611.2022.00018},
  DOI = {10.1109/scc55611.2022.00018},
  booktitle = {2022 IEEE International Conference on Services Computing (SCC)},
  publisher = {IEEE},
  author = {Bakhtin,  Alexander and Al Maruf,  Abdullah and Cerny,  Tomas and Taibi,  Davide},
  year = {2022},
  month = jul,
  keywords = {RQ2}
}





